<collection xmlns="http://www.loc.gov/MARC21/slim"><record>
  <leader>02946cem a2200529Ii 4500</leader>
  <controlfield tag="001">11435664</controlfield>
  <controlfield tag="003">ICU</controlfield>
  <controlfield tag="005">20180306095546.0</controlfield>
  <controlfield tag="006">m    go  c        </controlfield>
  <controlfield tag="007">aj aanzn</controlfield>
  <controlfield tag="007">cr cn||||||aap</controlfield>
  <controlfield tag="007">cr cn||||||aba</controlfield>
  <controlfield tag="008">180222s1932    ilu       a   o 1   eng d</controlfield>
  <datafield ind1=" " ind2=" " tag="040">
   <subfield code="a">CGU</subfield>
   <subfield code="b">eng</subfield>
   <subfield code="e">rda</subfield>
   <subfield code="c">CGU</subfield>
   <subfield code="d">CGU</subfield>
  </datafield>
  <datafield ind1="1" ind2=" " tag="034">
   <subfield code="a">a</subfield>
   <subfield code="b">175300</subfield>
   <subfield code="d">W0875104</subfield>
   <subfield code="e">W0873125</subfield>
   <subfield code="f">N0420123</subfield>
   <subfield code="g">N0413839</subfield>
  </datafield>
  <datafield ind1=" " ind2=" " tag="035">
   <subfield code="a">(OCoLC)1023863361</subfield>
  </datafield>
  <datafield ind1=" " ind2=" " tag="043">
   <subfield code="a">n-us-il</subfield>
  </datafield>
  <datafield ind1=" " ind2="4" tag="050">
   <subfield code="a">G4104.C6F7 1830</subfield>
   <subfield code="b">.U5 1932</subfield>
  </datafield>
  <datafield ind1=" " ind2=" " tag="052">
   <subfield code="a">4104</subfield>
   <subfield code="b">C6</subfield>
  </datafield>
  <datafield ind1=" " ind2="7" tag="072">
   <subfield code="a">F7</subfield>
   <subfield code="2">lcg</subfield>
  </datafield>
  <datafield ind1=" " ind2=" " tag="049">
   <subfield code="a">CGUA</subfield>
  </datafield>
  <datafield ind1="2" ind2=" " tag="110">
   <subfield code="a">University of Chicago.</subfield>
   <subfield code="b">Social Science Research Committee.</subfield>
  </datafield>
  <datafield ind1="1" ind2="0" tag="245">
   <subfield code="a">Map of Chicago, showing original subdivisions, 1830 to 1843 /</subfield>
   <subfield code="c">prepared by Homer Hoyt from ante-fire plats of the Chicago Title and Trust Company.</subfield>
  </datafield>
  <datafield ind1=" " ind2=" " tag="255">
   <subfield code="a">Scale approximately 1:175,300</subfield>
   <subfield code="c">(W 87&#176;51&#697;04&#698;--W 87&#176;31&#697;25&#698;/N 42&#176;01&#697;23&#698;--N 41&#176;38&#697;39&#698;).</subfield>
  </datafield>
  <datafield ind1=" " ind2="1" tag="264">
   <subfield code="a">Chicago :</subfield>
   <subfield code="b">Social Science Research Committee,</subfield>
   <subfield code="c">[1932]</subfield>
  </datafield>
  <datafield ind1=" " ind2=" " tag="300">
   <subfield code="a">1 online resource (1 map)</subfield>
  </datafield>
  <datafield ind1=" " ind2=" " tag="336">
   <subfield code="a">cartographic image</subfield>
   <subfield code="b">cri</subfield>
   <subfield code="2">rdacontent</subfield>
  </datafield>
  <datafield ind1=" " ind2=" " tag="337">
   <subfield code="a">computer</subfield>
   <subfield code="b">c</subfield>
   <subfield code="2">rdamedia</subfield>
  </datafield>
  <datafield ind1=" " ind2=" " tag="338">
   <subfield code="a">online resource</subfield>
   <subfield code="b">cr</subfield>
   <subfield code="2">rdacarrier</subfield>
  </datafield>
  <datafield ind1=" " ind2=" " tag="506">
   <subfield code="a">Digital version available with restrictions</subfield>
   <subfield code="f">Unrestricted online access</subfield>
   <subfield code="5">ICU</subfield>
   <subfield code="2">star</subfield>
  </datafield>
  <datafield ind1=" " ind2=" " tag="538">
   <subfield code="a">Master and use copy. Digital master created according to Benchmark for Faithful Reproductions of Monographs and Serials, Version 1. Digital Library Federation, December 2002.</subfield>
   <subfield code="u">http://www.diglib.org/standards/bmarkfin.htm</subfield>
  </datafield>
  <datafield ind1="1" ind2=" " tag="583">
   <subfield code="a">digitized</subfield>
   <subfield code="c">2006</subfield>
   <subfield code="h">University of Chicago Library</subfield>
   <subfield code="l">committed to preserve</subfield>
   <subfield code="5">ICU</subfield>
   <subfield code="2">pda</subfield>
  </datafield>
  <datafield ind1=" " ind2=" " tag="533">
   <subfield code="a">Electronic reproduction.</subfield>
   <subfield code="b">[Chicago] :</subfield>
   <subfield code="c">University of Chicago Library,</subfield>
   <subfield code="d">[2006].</subfield>
   <subfield code="f">(Social scientists map Chicago); (University of Chicago Digital Preservation Collection)</subfield>
   <subfield code="5">ICU</subfield>
  </datafield>
  <datafield ind1=" " ind2="0" tag="651">
   <subfield code="a">Chicago (Ill.)</subfield>
   <subfield code="x">Administrative and political divisions</subfield>
   <subfield code="v">Maps.</subfield>
  </datafield>
  <datafield ind1=" " ind2="7" tag="655">
   <subfield code="a">Thematic maps.</subfield>
   <subfield code="2">lcgft</subfield>
  </datafield>
  <datafield ind1=" " ind2="7" tag="650">
   <subfield code="a">Administrative and political divisions.</subfield>
   <subfield code="2">fast</subfield>
   <subfield code="0">http://id.worldcat.org/fast/fst00796826</subfield>
  </datafield>
  <datafield ind1=" " ind2="7" tag="651">
   <subfield code="a">Illinois</subfield>
   <subfield code="z">Chicago.</subfield>
   <subfield code="2">fast</subfield>
   <subfield code="0">http://id.worldcat.org/fast/fst01204048</subfield>
  </datafield>
  <datafield ind1=" " ind2="7" tag="655">
   <subfield code="a">Maps.</subfield>
   <subfield code="2">fast</subfield>
   <subfield code="0">http://id.worldcat.org/fast/fst01423704</subfield>
  </datafield>
  <datafield ind1=" " ind2="7" tag="655">
   <subfield code="a">Thematic maps.</subfield>
   <subfield code="2">fast</subfield>
   <subfield code="0">http://id.worldcat.org/fast/fst01752679</subfield>
  </datafield>
  <datafield ind1="1" ind2=" " tag="700">
   <subfield code="a">Hoyt, Homer,</subfield>
   <subfield code="d">1895-1984.</subfield>
  </datafield>
  <datafield ind1="0" ind2="8" tag="776">
   <subfield code="i">Original paper version:</subfield>
   <subfield code="a">University of Chicago. Social Science Research Committee.</subfield>
   <subfield code="t">[Thematic maps of Chicago].</subfield>
   <subfield code="d">[Chicago] : Social Science Research Committee, University of Chicago, [1930-1935]</subfield>
   <subfield code="h">114 maps on 169 sheets ; sheets 29 x 22 cm.</subfield>
   <subfield code="w">(OCoLC)269021352</subfield>
  </datafield>
  <datafield ind1=" " ind2="0" tag="830">
   <subfield code="a">Social scientists map Chicago.</subfield>
   <subfield code="5">ICU</subfield>
  </datafield>
  <datafield ind1=" " ind2="0" tag="830">
   <subfield code="a">University of Chicago Digital Preservation Collection.</subfield>
   <subfield code="5">ICU</subfield>
  </datafield>
  <datafield ind1=" " ind2="0" tag="830">
   <subfield code="a">Social Science Research Committee maps of Chicago.</subfield>
   <subfield code="5">ICU</subfield>
  </datafield>
  <datafield ind1="4" ind2="0" tag="856">
   <subfield code="u">http://pi.lib.uchicago.edu/1001/maps/chisoc/G4104-C6-1933-U5-a</subfield>
  </datafield>
  <datafield ind1=" " ind2=" " tag="035">
   <subfield code="a">1023863361</subfield>
  </datafield>
  <datafield ind1=" " ind2=" " tag="928">
   <subfield code="u">http://pi.lib.uchicago.edu/1001/maps/chisoc/G4104-C6-1933-U5-a</subfield>
   <subfield code="c">FullText</subfield>
   <subfield code="l">Online</subfield>
   <subfield code="t">LCC</subfield>
   <subfield code="a">G4104.C6F7 1830 .U5 1932</subfield>
  </datafield>
 </record></collection>